<record><leader>00000cas a22000007a 4500</leader><controlfield tag="001">15987266</controlfield><controlfield tag="008">870616d18851911iaucr ne      0    0eng d</controlfield><datafield ind1=" " ind2=" " tag="010"><subfield code="a">sn 87057292 </subfield></datafield><datafield ind1=" " ind2=" " tag="040"><subfield code="a">INP</subfield><subfield code="b">eng</subfield><subfield code="c">INP</subfield><subfield code="d">OCLCQ</subfield></datafield><datafield ind1=" " ind2=" " tag="042"><subfield code="a">msc</subfield></datafield><datafield ind1="0" ind2=" " tag="130"><subfield code="a">Perry advertiser (Perry, Iowa : 1885)</subfield></datafield><datafield ind1="1" ind2="4" tag="245"><subfield code="a">The Perry advertiser.</subfield></datafield><datafield ind1=" " ind2=" " tag="260"><subfield code="a">Perry, Dallas County, Iowa :</subfield><subfield code="b">C.J. Pratt,</subfield><subfield code="c">-1911.</subfield></datafield><datafield ind1=" " ind2=" " tag="300"><subfield code="a">v.</subfield></datafield><datafield ind1=" " ind2=" " tag="310"><subfield code="a">Semiweekly,</subfield><subfield code="b">&lt;Jan. 6, 1902&gt;-1911</subfield></datafield><datafield ind1=" " ind2=" " tag="321"><subfield code="a">Weekly,</subfield><subfield code="b">&lt;Jan. 9, 1886-1892&gt;</subfield></datafield><datafield ind1="1" ind2=" " tag="362"><subfield code="a">Began in 1885.</subfield></datafield><datafield ind1="0" ind2=" " tag="362"><subfield code="a">-v. 28, no. 29 (June 15, 1911).</subfield></datafield><datafield ind1=" " ind2=" " tag="500"><subfield code="a">Publisher varies.</subfield></datafield><datafield ind1=" " ind2=" " tag="588"><subfield code="a">Description based on: Vol. 1, no. 26 (Jan. 9, 1886).</subfield></datafield><datafield ind1=" " ind2=" " tag="752"><subfield code="a">United States</subfield><subfield code="b">Iowa</subfield><subfield code="c">Dallas</subfield><subfield code="d">Perry.</subfield></datafield><datafield ind1="0" ind2="0" tag="785"><subfield code="t">Perry advertiser (Perry, Iowa : 1911)</subfield><subfield code="w">(DLC)sn 87057293</subfield></datafield></record>